@misc{Brent,
  title={Numerical Recipes: The art of scientific computing (Cambridge},
  author={Press, William H and Teukolsky, Saul A and Vetterling, William T and Flannery, Brian P},
  year={1992)},
  publisher={Cambridge Univ. Press}
}
